@Book{HoTT13,
  author =    {The {Univalent Foundations Program}},
  title =     {Homotopy {T}ype {T}heory: {U}nivalent {F}oundations of {M}athematics},
  publisher = {\url{https://homotopytypetheory.org/book}},
  address =   {Institute for Advanced Study},
  year =      2013}
===
@InProceedings{BaaDahNarNuc21,
  author =	{Baanen, Anne and Dahmen, Sander R. and Narayanan, Ashvni and N{uccio~Mortarino~Majno~di~Capriglio}, Filippo~A.~E.},
  title =	{{A Formalization of Dedekind Domains and Class Groups of Global Fields}},
  booktitle =	{12th International Conference on Interactive Theorem Proving (ITP 2021)},
  pages =	{5:1--5:19},
  series =	{Leibniz International Proceedings in Informatics (LIPIcs)},
  ISBN =	{978-3-95977-188-7},
  ISSN =	{1868-8969},
  year =	{2021},
  volume =	{193},
  editor =	{Cohen, Liron and Kaliszyk, Cezary},
  publisher =	{Schloss Dagstuhl -- Leibniz-Zentrum f{\"u}r Informatik},
  address =	{Dagstuhl, Germany},
  URL =		{https://drops.dagstuhl.de/opus/volltexte/2021/13900},
  URN =		{urn:nbn:de:0030-drops-139004},
  doi =		{10.4230/LIPIcs.ITP.2021.5},
  annote =	{Keywords: formal math, algebraic number theory, commutative algebra, Lean, mathlib}
}

@inproceedings{BerCohMahStr21,
  TITLE = {{Unsolvability of the Quintic Formalized in Dependent Type Theory}},
  AUTHOR = {Bernard, Sophie and Cohen, Cyril and Mahboubi, Assia and Strub, Pierre-Yves},
  URL = {https://hal.inria.fr/hal-03136002},
  BOOKTITLE = {{ITP 2021 - 12th International Conference on Interactive Theorem Proving}},
  ADDRESS = {Rome / Virtual, France},
  YEAR = {2021},
  MONTH = Jun,
  KEYWORDS = {Galois theory ; Coq ; Mathematical Components ; Dependent Type Theory ; Abel-Ruffini ; General quintic},
  PDF = {https://hal.inria.fr/hal-03136002v4/file/main.pdf},
  HAL_ID = {hal-03136002},
  HAL_VERSION = {v4},
}

@unpublished{BroLut21,
      title={Formalizing {G}alois {T}heory}, 
      author={Browning, Thomas and Lutz, Patrick},
      year={2021},
      howpublished={arXiv.2107.10988},
      note={\url{https://arxiv.org/pdf/2107.10988.pdf}},
      primaryClass={cs.LO}
}

@inproceedings{BuzComMas20,
author = {Buzzard, Kevin and Commelin, Johan and Massot, Patrick},
title = {{Formalising Perfectoid Spaces}},
year = {2020},
isbn = {9781450370974},
publisher = {Association for Computing Machinery},
address = {New York, NY, USA},
url = {https://doi.org/10.1145/3372885.3373830},
doi = {10.1145/3372885.3373830},
booktitle = {Proceedings of the 9th ACM SIGPLAN International Conference on Certified Programs and Proofs},
pages = {299–312},
numpages = {14},
keywords = {formal proofs, Arithmetic geometry, Lean},
location = {New Orleans, LA, USA},
series = {CPP 2020}
}

@article{Chu40,
 ISSN = {00224812},
 URL = {http://www.jstor.org/stable/2266170},
 author = {Alonzo Church},
 journal = {The Journal of Symbolic Logic},
 number = {2},
 pages = {56--68},
 publisher = {Association for Symbolic Logic},
 title = {{A Formulation of the Simple Theory of Types}},
 volume = {5},
 year = {1940}
}

@unpublished{ClaSch19,
      author    = "Clausen, Dustin and Scholze, Peter",
      title     = "{{Lectures on Condensed Mathematics}}",
      year      = "2019",
      note = {Available at \url{https://www.math.uni-bonn.de/people/scholze/Condensed.pdf}},
 }

@inproceedings{ComLew21,
author = {Commelin, Johan and Lewis, Robert Y.},
title = {{Formalizing the Ring of Witt Vectors}},
year = {2021},
isbn = {9781450382991},
publisher = {Association for Computing Machinery},
address = {New York, NY, USA},
url = {https://doi.org/10.1145/3437992.3439919},
doi = {10.1145/3437992.3439919},
booktitle = {Proceedings of the 10th ACM SIGPLAN International Conference on Certified Programs and Proofs},
pages = {264–277},
numpages = {14},
keywords = {ring theory, proof assistant, formal math, number theory, Lean},
location = {Virtual, Denmark},
series = {CPP 2021}
}

@article{Coq14,
  title={Th{\'e}orie des types d{\'e}pendants et axiome d’univalence},
  author={Coquand, Thierry},
  journal={S{\'e}minaire Bourbaki},
  volume={66},
  pages={1085},
  year={2014},
  note={Vidéo disponible à l'adresse \url{https://youtu.be/T_WcQpj-2to}},
}

@InProceedings{CoqPau90,
author="Coquand, Thierry
and Paulin, Christine",
editor="Martin-L{\"o}f, Per
and Mints, Grigori",
title="Inductively defined types",
booktitle="COLOG-88",
year="1990",
publisher="Springer Berlin Heidelberg",
address="Berlin, Heidelberg",
pages="50--66",
isbn="978-3-540-46963-6"
}

@inbook{Gon08,
author = {Gonthier, Georges},
title = {The Four Colour Theorem: Engineering of a Formal Proof},
year = {2008},
isbn = {9783540878261},
publisher = {Springer-Verlag},
address = {Berlin, Heidelberg},
url = {https://doi.org/10.1007/978-3-540-87827-8_28},
booktitle = {Computer Mathematics: 8th Asian Symposium, ASCM 2007, Singapore, December 15-17, 2007. Revised and Invited Papers},
pages = {333},
numpages = {1}
}

@inproceedings{GON13,
author = {Gonthier, Georges and Asperti, Andrea and Avigad, Jeremy and Bertot, Yves and Cohen, Cyril and Garillot, Fran\c{c}ois and Le Roux, St\'{e}phane and Mahboubi, Assia and O'Connor, Russell and Biha, Sidi Ould and Pasca, Ioana and Rideau, Laurence and Solovyev, Alexey and Tassi, Enrico and Th\'{e}ry, Laurent},
title = {A Machine-Checked Proof of the Odd Order Theorem},
year = {2013},
isbn = {9783642396335},
publisher = {Springer-Verlag},
address = {Berlin, Heidelberg},
url = {https://doi.org/10.1007/978-3-642-39634-2_14},
doi = {10.1007/978-3-642-39634-2_14},
booktitle = {Proceedings of the 4th International Conference on Interactive Theorem Proving},
pages = {163–179},
numpages = {17},
location = {Rennes, France},
series = {ITP'13}
}



@misc{Mah14,
  author    = "Mahboubi, Assia",
  title     = "{Un ordinateur pour vérifier les preuves mathématiques}",
      note = {\url{https://images.math.cnrs.fr/Un-ordinateur-pour-verifier-les-preuves-mathematiques?lang=fr}},
  howpublished = {Images des Mathématiques},
  year = "2014",
}


@incollection{Mar75,
title = {{An Intuitionistic Theory of Types: Predicative Part}},
editor = {H.E. Rose and J.C. Shepherdson},
series = {Studies in Logic and the Foundations of Mathematics},
publisher = {Elsevier},
volume = {80},
pages = {73-118},
year = {1975},
booktitle = {Logic Colloquium '73},
issn = {0049-237X},
doi = {https://doi.org/10.1016/S0049-237X(08)71945-1},
url = {https://www.sciencedirect.com/science/article/pii/S0049237X08719451},
author = {Martin-Löf, Per},
}

@misc{Sch20,
  author    = "Scholze, Peter",
  title     = "{Liquid tensor experiment}",
  howpublished = {\url{https://xenaproject.wordpress.com/2020/12/05/liquid-tensor-experiment/}},
  note = {(page consultée le 25 août 2021)},
  year = "2020",
}

@misc{Sch21,
  author    = "Scholze, Peter",
  title     = "{{Half a year of the Liquid Tensor Experiment: Amazing developments}}",
  howpublished = {\url{https://xenaproject.wordpress.com/2021/06/05/half-a-year-of-the-liquid-tensor-experiment-amazing-developments/}},
  year = "2021",
  note = {(page consultée le 25 août 2021)},
}

@book{Ser62,
 Author = {Serre, Jean-Pierre},
 Title = {{Corps locaux}},
 Publisher = {{Hermann, Paris}},
 Year = {1962},
 Series = {{Publications de l'Institut de Math\'ematique de l'Universit\'e de Nancago 8. Actualit\'es Scientifiques et Industrielles}},
 volume = {1296},
 pages = {243},
}
